<collection xmlns="http://www.loc.gov/MARC21/slim">
<record>
  <leader>02266nam0a22003611i 450 </leader>
  <controlfield tag="001">IT\ICCU\CNCE\076790</controlfield>
  <controlfield tag="005">20111026000000.0</controlfield>
  <datafield tag="012" ind1=" " ind2=" ">
    <subfield code="a">umq. itb. t.ui 25ce (C) 1599 (R)</subfield>
    <subfield code="2">fei</subfield>
    <subfield code="9">1</subfield>
  </datafield>
  <datafield tag="012" ind1=" " ind2=" ">
    <subfield code="a">t,s, u-um asam spC* (C) 1599 (R)</subfield>
    <subfield code="2">fei</subfield>
    <subfield code="9">2</subfield>
  </datafield>
  <datafield tag="012" ind1=" " ind2=" ">
    <subfield code="a">a-a- a-a- i.in e-o. (C) 1599 (R)</subfield>
    <subfield code="2">fei</subfield>
    <subfield code="9">3</subfield>
  </datafield>
  <datafield tag="012" ind1=" " ind2=" ">
    <subfield code="a">cqum vtte 5.he inde (C) 1600 (R)</subfield>
    <subfield code="2">fei</subfield>
    <subfield code="9">4</subfield>
  </datafield>
  <datafield tag="012" ind1=" " ind2=" ">
    <subfield code="a">s.ec ui*. o-n- esui (C) 1599 (R)</subfield>
    <subfield code="2">fei</subfield>
    <subfield code="9">5</subfield>
  </datafield>
  <datafield tag="100" ind1=" " ind2=" ">
    <subfield code="a">20111017g15991600    0itac0103    ba</subfield>
  </datafield>
  <datafield tag="101" ind1=" " ind2=" ">
    <subfield code="a">LAT</subfield>
  </datafield>
  <datafield tag="102" ind1=" " ind2=" ">
    <subfield code="a">IT</subfield>
  </datafield>
  <datafield tag="200" ind1="1" ind2=" ">
    <subfield code="a">Responsa, dubia, et eorum solutiones, in causa magnificorum dd. de Caephalis Ferrariensibus</subfield>
  </datafield>
  <datafield tag="210" ind1=" " ind2=" ">
    <subfield code="a">Ferrariae</subfield>
    <subfield code="c">excudebat Victorius Baldinus</subfield>
    <subfield code="d">Typographus Cameralis</subfield>
    <subfield code="d">1599-1600</subfield>
  </datafield>
  <datafield tag="215" ind1=" " ind2=" ">
    <subfield code="a">5 pt.</subfield>
    <subfield code="d">fol</subfield>
  </datafield>
  <datafield tag="300" ind1=" " ind2=" ">
    <subfield code="a">2: Resolutio primi dubij almae Rotae Ferrariensis in causa Caephala ...- L&apos;autore, Giorgio Ambrosoni, si ricava in calce al testo3: Resolutio secundi motiui, in causa Caephala ... - L&apos;autore, Giorgio Ambrosoni, si ricava in calce al testo4: Resolutiotertii dubii in qua agnatio dd. Caephalorum plene comprobatur. - 1600. - L&apos;autore, Giorgio Ambrosoni, si ricava in calce al testo5: Consiluim d. Benedicti Barzii Perusini i.c. clariss. Cuius mentio fit in consilio d. Georgii Ambrosonii ...</subfield>
  </datafield>
  <datafield tag="517" ind1="1" ind2=" ">
    <subfield code="3">IT\ICCU\CNCE\076906</subfield>
    <subfield code="a">Resolutio primi dubij almae Rotae Ferrariensis in causa Caephala ...</subfield>
  </datafield>
  <datafield tag="517" ind1="1" ind2=" ">
    <subfield code="3">IT\ICCU\CNCE\076907</subfield>
    <subfield code="a">Resolutio secundi motiui, in causa Caephala ...</subfield>
  </datafield>
  <datafield tag="517" ind1="1" ind2=" ">
    <subfield code="3">IT\ICCU\CNCE\076908</subfield>
    <subfield code="a">Resolutio tertii dubii in qua agnatio dd. Caephalorum plene comprobatur</subfield>
  </datafield>
  <datafield tag="517" ind1="1" ind2=" ">
    <subfield code="3">IT\ICCU\CNCE\076909</subfield>
    <subfield code="a">Consiluim d. Benedicti Barzii Perusini i.c. clariss. Cuius mentio fit in consilio d. Georgii Ambrosonii ...</subfield>
  </datafield>
  <datafield tag="620" ind1=" " ind2=" ">
    <subfield code="a">IT</subfield>
    <subfield code="d">Ferrara</subfield>
  </datafield>
  <datafield tag="702" ind1=" " ind2="1">
    <subfield code="a">Barzi,</subfield>
    <subfield code="b">Benedetto</subfield>
    <subfield code="3">IT\ICCU\CNCA\018577</subfield>
  </datafield>
  <datafield tag="702" ind1=" " ind2="1">
    <subfield code="a">Ambrosoni,</subfield>
    <subfield code="b">Giorgio</subfield>
    <subfield code="3">IT\ICCU\CNCA\029601</subfield>
  </datafield>
  <datafield tag="712" ind1="0" ind2="0">
    <subfield code="a">Baldini, Vittorio</subfield>
    <subfield code="3">IT\ICCU\CNCT\000024</subfield>
    <subfield code="4">650</subfield>
  </datafield>
  <datafield tag="790" ind1=" " ind2="0">
    <subfield code="a">Benedictus</subfield>
    <subfield code="c"> : de#Plumbino</subfield>
    <subfield code="3">IT\ICCU\CNCA\019425</subfield>
    <subfield code="z">Barzi, Benedetto</subfield>
  </datafield>
  <datafield tag="790" ind1=" " ind2="1">
    <subfield code="a">Bargi,</subfield>
    <subfield code="b">Benedetto</subfield>
    <subfield code="3">IT\ICCU\CNCA\019426</subfield>
    <subfield code="z">Barzi, Benedetto</subfield>
  </datafield>
  <datafield tag="791" ind1="0" ind2="2">
    <subfield code="a">Stamperia Camerale</subfield>
    <subfield code="c"> &lt;Ferrara&gt;</subfield>
    <subfield code="3">IT\ICCU\CNCT\002460</subfield>
    <subfield code="z">Baldini, Vittorio</subfield>
  </datafield>
  <datafield tag="791" ind1="0" ind2="0">
    <subfield code="a">Baldinus, Victorius</subfield>
    <subfield code="3">IT\ICCU\CNCT\004286</subfield>
    <subfield code="z">Baldini, Vittorio</subfield>
  </datafield>
  <datafield tag="801" ind1=" " ind2="3">
    <subfield code="a">IT</subfield>
    <subfield code="b">ICCU</subfield>
    <subfield code="c">20201115</subfield>
  </datafield>
  <datafield tag="899" ind1=" " ind2=" ">
    <subfield code="a">Biblioteca Estense Universitaria. Modena</subfield>
    <subfield code="1">MO0089</subfield>
    <subfield code="2">MOD BE</subfield>
  </datafield>
</record>
</collection>
